% This file was created with JabRef 2.8.1.
% Encoding: Cp1252

@MISC{CDIOdel3,
  author = {Nybord, Mads},
  title = {Del opgave 3},
  subtitle = {Matador Felter - polymorfisme og dom√¶nemodel},
  date = {2012-08-08},
  version = {2012-08-08},
  note = {Opgavebeskrivelse udleveret i forbindelse med projektet},
  organization = {DTU}
}

@MISC{CDIOdel2,
  author = {Nybord, Mads},
  title = {Del opgave 2},
  subtitle = {Anvendelse af klasser og relationer},
  date = {2012-08-08},
  version = {2012-08-08},
  note = {Opgavebeskrivelse udleveret i forbindelse med projektet},
  organization = {DTU}
}

@MISC{CDIOdel1,
  author = {Nyborg, Mads},
  title = {Del opgave 1},
  date = {2012-08-08},
  subtitle = {Simpel anvendelse af klasser i Java og UML},
  version = {2012-08-08},
  note = {Opgavebeskrivelse udleveret i forbindelse med projektet},
  organization = {DTU}
}

@ONLINE{javaUtilRandom,
  author = {Oracle},
  title = {Class Random},
  date = {2012-10-11},
  url = {http://docs.oracle.com/javase/7/docs/api/java/util/Random.html},
  urldate = {2012-10-11}
}

@ONLINE{javaUtilIterator,
  author = {Oracle},
  title = {Iterator},
  date = {2012-11-24},
  url = {http://docs.oracle.com/javase/7/docs/api/java/util/Iterator.html},
  urldate = {2012-11-24}
}

@ONLINE{javaUtilList,
  author = {Oracle},
  title = {List},
  date = {2012-11-24},
  url = {http://docs.oracle.com/javase/7/docs/api/java/util/List.html},
  urldate = {2012-11-24}
}

@ONLINE{javaExceptionInputMismatchException,
  author = {Oracle},
  title = {Class InputMismatchException},
  date = {2012-11-08},
  url = {http://docs.oracle.com/javase/7/docs/api/java/util/InputMismatchException.html},
  urldate = {2012-11-08}
}

@online{javaOperators,
  author = {Oracle},
  title = {Equality, Relational, and Conditional Operators},
  url = {http://docs.oracle.com/javase/tutorial/java/nutsandbolts/op2.html},
  urldate = {2012-11-28},
  date = {2012-11-28}
}


@book{umlbook,
  author = {Craig Larman},
  title = {Applying UML and Patterns},
  subtitle = {An Introduction to Object-Oriented Analysis and Design and Iterative Development},
  publisher = {Prentice Hall},
  edition = {3},
  year = {2004}
}

@book{javabook,
  author = {John Lewis and William Loftus},
  title = {Java Software Solutions Foundations of Program Design},
  publisher = {Peason Education},
  edition = {7},
  year = {2012}
}

@book{headfirstjava,
  author = {Kathy Sierra and Bert Bates},
  title = {Head First Java},
  publisher = {O'Reilly Media},
  edition = {2},
  year = {2005}
}

@misc{CDIORapportDel2,
  author = {Gruppe 21},
  title = {CDIO del 2},
  date = {2012-11-12},
  organization = {DTU}
}